% This .bib file contains all of the references used for the MFE formulary

@book{abramowitz,
author="A. Abramowitz and I. A. Stegun",
title="Handbook of Mathematical Functions",
publisher="Dover Publications",
year="1965"
}


@book{authors,
author="{Calculated, derived or produced by the authors of the Magnetic Fusion Energy Formulary explicitly for this work}"
}

@book{boas,
author="M. Boas",
title="Mathematical Methods in the Physical Sciences",
publisher="John Wiley \& Sons",
year="1983"
}


@article{bosch,
  author={H.-S. Bosch and G.M. Hale},
  title={Improved formulas for fusion cross-sections and thermal reactivities},
  journal={Nuclear Fusion},
  volume={32},
  number={4},
  pages={611},
  url={http://stacks.iop.org/0029-5515/32/i=4/a=I07},
  year={1992},
}


@article{chadwick,
title = "{ENDF/B-VII.0: Next Generation Evaluated Nuclear Data Library for Nuclear Science and Technology}",
journal = "{Nuclear Data Sheets}",
volume = "107",
number = "12",
pages = "2931 - 3060",
year = "2006",
note = "{Evaluated Nuclear Data File ENDF/B-VII.0}",
issn = "0090-3752",
doi = "10.1016/j.nds.2006.11.001",
url = "http://www.sciencedirect.com/science/article/pii/S0090375206000871",
author = "M.B. Chadwick and P Oblo\u{z}einsk\'{y} and others"
}


@book{chen,
author="F. F. Chen",
title="Introduction to Plasma Physics and Controlled Fusion",
publisher="Springer Science",
year="2006"
}


@article{cordey,
  author={J G Cordey},
  title={A review of Non-Inductive current drive theory},
  journal={Plasma Physics and Controlled Fusion},
  volume={26},
  number={1A},
  pages={123},
  url={http://stacks.iop.org/0741-3335/26/i=1A/a=311},
  year={1984}
}


@book{freidberg-MHD,
author="J. P. Freidberg",
title="Ideal Magnetohydrodynamics (Out of Print)",
publisher="Plenum Press",
year="1987"
}


@book{freidberg-PP,
author="J. P. Freidberg",
title="Plasma Physics and Controlled Fusion",
publisher="Cambridge University Press",
year="2007"
}


@book{granatstein,
author="W. L. Granatstein and P. L. Colestock",
title="Wave Heating and Current Drive in Plasmas",
publisher="Gordon and Breach Science",
year="1985"
}


@book{griffiths,
author="D. J. Griffiths",
title="Introduction to Electrodynamics",
publisher="Prentice Hall",
year="1999"
}


@book{helander,
author="P. Helander and D. Sigmar",
title="Collisional Transport in Magnetized Plasmas",
publisher="Cambridge University Press",
year="2002"
}


@article{horton,
  doi = {10.1103/RevModPhys.71.735},
  month = {Apr},
  issue = {3},
  author = {Horton, W.},
  year = {1999},
  url = {http://link.aps.org/doi/10.1103/RevModPhys.71.735},
  publisher = {American Physical Society},
  title = {Drift waves and transport},
  pages = {735--778},
  journal = {Rev. Mod. Phys.},
  volume = {71}
}


@book{huda,
author = {J.D. Huda},
title = {NRL Plasma Formulary},
publisher = {The Office of Naval Research},
year = {2007}
}


@article{iter,
  author={ITER Physics Expert Group on Confinement and Transport and ITER Physics Expert Group on Confinement
Modelling and Database and ITER Physics Basis Editors},
  title={Chapter~2: Plasma confinement and transport},
  journal={Nuclear Fusion},
  volume={39},
  number={12},
  pages={2175},
  url={http://stacks.iop.org/0029-5515/39/i=12/a=302},
  year={1999}
 }


@book{jackson,
author="J. D. Jackson",
title="Classical Electrodynamics",
publisher="John Wiley \& Sons",
year="1999"
}


@book{jeffrey,
author="A. Jeffrey",
title="Handbook of Mathematical Formulas and Integrals",
publisher="Academic Press",
year="2008"
}


@book{krane,
author="K. S. Krane",
title="Introductory Nuclear Physics",
publisher="John Wiley \& Sons",
year="1988"
}


@article{martin,
  author={Y R Martin and T Takizuka and the ITPA CDBM H-mode Threshold Database Working Group},
  title="{Power requirement for accessing the H-mode in ITER}",
  journal={Journal of Physics: Conference Series},
  volume={123},
  number={1},
  pages={012033},
  url={http://stacks.iop.org/1742-6596/123/i=1/a=012033},
  year={2008}
}


@book{parker,
author="R. R. Parker",
title="Course Notes (MIT Course 22.105 Electromagnetic Interactions",
year="2007"
}


@book{porkolab,
author="M. Porkolab",
title="Course Notes (MIT Course 8.624 Plasma Waves",
year="2008"
}


@article{rice,
  author = {J.E. Rice and A. Ince-Cushman and others},
  title={Inter-machine comparison of intrinsic toroidal rotation in tokamaks},
  journal={Nuclear Fusion},
  volume={47},
  number={11},
  pages={1618},
  url={http://stacks.iop.org/0029-5515/47/i=11/a=025},
  year={2007}
}


@book{stangeby,
author="P. C. Stangeby",
title="The Boundary of Magnetic Fusion Devices",
publisher="Taylor \& Francis",
year="2000"
}


@book{stix,
author="T. H. Stix",
title="Waves in Plasma",
publisher="Springer Science",
year="1992"
}


@book{thompson,
author="I. J. Thompson and F. M. Nunes",
title="Nuclear Reactions for Astrophysics",
publisher="Cambridge University Press",
year="2009"
}


@article{troyonlimit,
  author={F. Troyon and R. Gruber and H. Saurenmann and S. Semenzato and S. Succi},
  title={MHD-Limits to Plasma Confinement},
  journal={Plasma Physics and Controlled Fusion},
  volume={26},
  number={1A},
  pages={209},
  url={http://stacks.iop.org/0741-3335/26/i=1A/a=319},
  year={1984},
}
	

@article{tynan,
  author={G. R. Tynan and A. Fujisawa and G. McKee},
  title={A review of experimental drift turbulence studies},
  journal={Plasma Physics and Controlled Fusion},
  volume={51},
  number={11},
  pages={113001},
  url={http://stacks.iop.org/0741-3335/51/i=11/a=113001},
  year={2009}
}


@book{wesson,
author="J. Wesson",
title="Tokamaks (3rd Edition)",
publisher="Oxford University Press",
year="2004"
}


@misc{wolfram,
author="{Wolfram Mathworld}",
note="Elliptic Torus. Available at \url{http://mathworld.wolfram.com/EllipticTorus.html}",
year="2011"
}
  	
